%% This BibTeX bibliography file was created using BibDesk.
%% http://bibdesk.sourceforge.net/


%% Created for Michael Goodrich at 2013-05-16 15:41:06 -0600 


%% Saved with string encoding Unicode (UTF-8) 



@book{WiSARBook,
	Author = {T. J. Setnicka},
	Date-Added = {2013-05-16 21:39:41 +0000},
	Date-Modified = {2013-05-16 21:39:41 +0000},
	Publisher = {Appalachian Mountain Club},
	Title = {Wilderness Search and Rescue},
	Year = {1980}}

@article{Adams2008,
  title={Cognitive task analysis for developing unmanned aerial vehicle wilderness search support},
  author={Adams, Julie A and Humphrey, Curtis M and Goodrich, Michael A and Cooper, Joseph L and Morse, Bryan S and Engh, Cameron and Rasmussen, Nathan},
  journal={Journal of cognitive engineering and decision making},
  volume={3},
  number={1},
  pages={1--26},
  year={2009},
  publisher={SAGE Publications}
}

@incollection{Goodrich2010,
	Address = {Surrey, England},
	Author = {Michael A. Goodrich},
	Booktitle = {Human-Robot Interactions in Future Military Operations},
	Date-Added = {2013-05-16 21:18:26 +0000},
	Date-Modified = {2013-05-16 21:18:26 +0000},
	Editor = {M. Barnes and F. Jentsch},
	Publisher = {Ashgate Publishing},
	Title = {On Maximizing Fan-Out: Towards Controlling Multiple Unmanned Vehicles},
	Year = {2010}}

@inproceedings{MitchellCummings2005,
	Author = {P. M. Mitchell and M. L. Cummings},
	Booktitle = {10th International Command and Control Research And Technology Symposium},
	Date-Added = {2013-05-16 21:17:29 +0000},
	Date-Modified = {2013-05-16 21:17:29 +0000},
	Title = {Management of Multiple Dynamic Human Supervisory Control Tasks},
	Year = {2005}}

@inbook{Cummings2007,
	Author = {M. L. Cummings and C. E. Nehme and J. Crandall and P. Mitchell},
	Date-Added = {2013-05-16 21:03:17 +0000},
	Date-Modified = {2013-05-16 21:03:17 +0000},
	Pages = {11-37},
	Publisher = {Springer},
	Series = {Studies in Computational Intelligence},
	Title = {Developing Operator Capacity Estimates for Supervisory Control of Autonomous Vehicles},
	Volume = {70},
	Year = {2007}}

@misc{MurphyStoverPrattGriffin2006,
	Author = {R. Murphy and S. Stover and K. Pratt and C. Griffin},
	Date-Added = {2013-05-16 21:00:46 +0000},
	Date-Modified = {2013-05-16 21:00:46 +0000},
	Howpublished = {IROS 2006 Video Session},
	Month = {October},
	Title = {Cooperative Damage Inspection with Unmanned Surface Vehicle and Micro Unmanned Aerial Vehicle at Hurrican {Wilma}},
	Year = {2006}}

@article{GoodrichMorse2008,
	Author = {M. A. Goodrich and B. S. Morse and D. Gerhardt and J. L. Cooper and M. Quigley and J. A. Adams and C. Humphrey},
	Date-Added = {2013-05-16 21:00:22 +0000},
	Date-Modified = {2013-05-16 21:00:22 +0000},
	Journal = {Journal of Field Robotics},
	Number = {1-2},
	Pages = {89-110},
	Title = {Supporting Wilderness Search and Rescue using a Camera-Equipped Mini {UAV}},
	Volume = {25},
	Year = {2008}}

@INPROCEEDINGS{cooper2008towards,
  author = {Cooper, J. and Goodrich, M.A.},
  title = {Towards combining {UAV} and sensor operator roles in {UAV-enabled} visual
	search},
  booktitle = {Proceedings of the 3rd ACM/IEEE international conference on Human
	robot interaction},
  year = {2008},
  pages = {351--358},
  organization = {ACM},
  owner = {TJ-ASUS},
  timestamp = {2011.12.01}
}

@INPROCEEDINGS{goodrich2007using,
  author = {Goodrich, M.A. and Cooper, J.L. and Adams, J.A. and Humphrey, C.
	and Zeeman, R. and Buss, B.G.},
  title = {Using a {mini-UAV} to support wilderness search and rescue: Practices
	for human-robot teaming},
  booktitle = {Safety, Security and Rescue Robotics, 2007. SSRR 2007. IEEE International
	Workshop on},
  year = {2007},
  pages = {1--6},
  organization = {IEEE},
  owner = {TJ-ASUS},
  timestamp = {2011.12.01}
}

@ARTICLE{goodrich2009towards,
  author = {Goodrich, M.A. and Morse, B.S. and Engh, C. and Cooper, J.L. and
	Adams, J.A.},
  title = {Towards using Unmanned Aerial Vehicles {(UAVs)} in Wilderness Search
	and Rescue: Lessons from field trials},
  journal = {Interaction Studies},
  year = {2009},
  volume = {10},
  pages = {453--478},
  number = {3},
  owner = {TJ-ASUS},
  publisher = {John Benjamins Publishing Company},
  timestamp = {2011.12.01}
}

@PROCEEDINGS{rungta2013aviation,
  author = {Rungta, N. and Brat, G. and Clancey, W. and Linde, C. and Raimondi, F. Chin S. and
      Shafto, M.},
  title = {Aviation Safety: Modeling and Analyzing Complex Interactions between Humans
         and Automated Systems},
  series = {ATACCS},
  year = {2013}
}

@PROCEEDINGS{hunter2013a,
  author = {Hunter, J. and Raimondi, F. and Rungta, N. and Stocker, R.},
  title = {A Synergistic and Extensible Framework for Multi-Agent System Verification},
  series = {AAMAS},
  year = {2013}
}

@PROCEEDINGS{bolton2009enhanced,
  author = {Bolton, M. and Bass, E.},
  title = {Enhanced operator function model: a generic human task behavior modeling
         language},
  booktitle = {Proceedings of the 2009 IEEE international conference on Systems, Man and
          Cybernetics},
  series = {SMC'09},
  publisher = {IEEE Press},
  year = {2009}, 
  pages = {2904--2911}
}

@PROCEEDINGS{bolton2013evaluating,
  author = {Bolton, M. and Bass, E.},
  title = {Evaluating Human-human Communication Protocols with Miscommunication Generation
 and Model Checking},
  year = {2013}
}

@incollection{MurphyBurke2010,
        Author = {R. R. Murphy and J. L. Burke},
        Booktitle = {Human-Robot Interaction in Future Military Operations},
        Chapter = {3},
        Date-Added = {2013-05-17 17:26:01 +0000},
        Date-Modified = {2013-05-17 17:27:11 +0000},
        Editor = {M. Barnes and F. Jentsch},
        Pages = {31-49},
        Publisher = {Ashgate Publishing},
        Title = {The Safe Human-Robot Ratio},
        Year = {2010}}

@article{Box1976,
        Author = {G. E. P. Box},
        Date-Added = {2013-05-17 17:39:27 +0000},
        Date-Modified = {2013-05-17 17:41:13 +0000},
        Journal = {Journal of the American Statistical Association},
        Number = {356},
        Pages = {791-799},
        Title = {Science and Statistics},
        Volume = {71},
        Year = {1976}}

@phdthesis{humphrey2009information,
  title={Information abstraction visualization for human-robot interaction},
  author={Humphrey, Curtis Michael},
  year={2009}
}

@PROCEEDINGS{bolton2013litreview,
	Author = {Bolton, M. Bass, E. and Siminiceanu R.},
	title = {Using Foirmal Verification to Evaluate Human-Automation Interaction: A Review},
	year={2013}
}

@article{salvucci2008threaded,
  title={Threaded cognition: an integrated theory of concurrent multitasking.},
  author={Salvucci, Dario D and Taatgen, Niels A},
  journal={Psychological review},
  volume={115},
  number={1},
  pages={101},
  year={2008},
  publisher={American Psychological Association}
}
	
@article{wickens2002multiple,
  title={Multiple resources and performance prediction},
  author={Wickens, Christopher D},
  journal={Theoretical issues in ergonomics science},
  volume={3},
  number={2},
  pages={159--177},
  year={2002},
  publisher={Taylor \& Francis}
}

@incollection{cummings2007predicting,
  title={Predicting operator capacity for supervisory control of multiple UAVs},
  author={Cummings, Mary L and Nehme, Carl E and Crandall, Jacob and Mitchell, Paul},
  booktitle={Innovations in Intelligent Machines-1},
  pages={11--37},
  year={2007},
  publisher={Springer}
}

@article{anderson2004integrated,
  title={An integrated theory of the mind.},
  author={Anderson, John R and Bothell, Daniel and Byrne, Michael D and Douglass, Scott and Lebiere, Christian and Qin, Yulin},
  journal={Psychological review},
  volume={111},
  number={4},
  pages={1036},
  year={2004},
  publisher={American Psychological Association}
}

@Proceedings{gledhill2013modelinguas,
  author = {Gledhill, TJ and Mercer, Eric and Goodrich Michael A.}, 
  title = 	 {Modeling UASs for Role Fusion and Human Machine Interface Optimization},
  year = 	 {2013},
  series = {SMC'13},
}

@article{moray1982subjective,
  title={Subjective mental workload},
  author={Moray, Neville},
  journal={Human Factors: The Journal of the Human Factors and Ergonomics Society},
  volume={24},
  number={1},
  pages={25--40},
  year={1982},
  publisher={SAGE Publications}
}

@book{newell1994unified,
  title={Unified theories of cognition},
  author={Newell, Allen},
  volume={187},
  year={1994},
  publisher={Harvard University Press}
}