% This file was created with JabRef 2.7.2.
% Encoding: Cp1252

@ARTICLE{adams2007camera,
  author = {Adams, J.A. and Cooper, J.L. and Goodrich, M.A. and Humphrey, C.
	and Quigley, M. and Buss, B.G. and Morse, B.S.},
  title = {Camera-equipped mini UAVs for wilderness search support: Task analysis
	and lessons from field trials},
  journal = {Journal of Field Robotics},
  year = {2007},
  volume = {25},
  number = {1-2},
  owner = {TJ-ASUS},
  timestamp = {2011.12.01}
}

